<?xml version="1.0" encoding="UTF-8"?>
<collection xmlns:xsi="http://www.w3.org/2001/XMLSchema-instance" xsi:schemaLocation="http://www.loc.gov/MARC21/slim http://www.loc.gov/standards/marcxml/schema/MARC21slim.xsd" xmlns="http://www.loc.gov/MARC21/slim">
<record>
  <leader>00830nam a22001811  4500</leader>
  <controlfield tag="001">3068231</controlfield>
  <controlfield tag="003">NNC</controlfield>
  <controlfield tag="005">20030429142358.0</controlfield>
  <controlfield tag="008">010820s1865    ua            000 0aara d</controlfield>
  <datafield tag="035" ind1=" " ind2=" ">
    <subfield code="a">(OCoLC)ocm47806262</subfield>
  </datafield>
  <datafield tag="035" ind1=" " ind2=" ">
    <subfield code="9">ATP0672CU</subfield>
  </datafield>
  <datafield tag="040" ind1=" " ind2=" ">
    <subfield code="a">ZCU</subfield>
    <subfield code="c">ZCU</subfield>
  </datafield>
  <datafield tag="099" ind1=" " ind2=" ">
    <subfield code="a">893.799</subfield>
    <subfield code="a">F261</subfield>
  </datafield>
  <datafield tag="130" ind1="0" ind2=" ">
    <subfield code="a">Fatāwá al-ʻĀlamgīrīyah.</subfield>
  </datafield>
  <datafield tag="245" ind1="1" ind2="3">
    <subfield code="a">al-Fatāwī al-ʻĀlamgīrīyah,</subfield>
    <subfield code="b">al-maʻrūfah bayna al-nās bi al-Fatāwī al-Hindīyah, fī madhhab al-Imām ... Abī Ḥanīfah al-Nuʻmān ...</subfield>
    <subfield code="c">taʾlīf jamāʻah min ʻulamāʾ al-Hind ... wakāna raʾīsuhum fī taʾlīfihā ... Mawlānā al-Shaykh Niẓām, wadhālika biʾamr al-Sulṭān Abī al-Muẓaffar Muḥyi-al-Dīn Muḥammad Awrangzeb Bahādur ʻĀlamgīr.</subfield>
  </datafield>
  <datafield tag="260" ind1=" " ind2=" ">
    <subfield code="a">[al-Qāhirah,</subfield>
    <subfield code="c">1282, 1865]</subfield>
  </datafield>
  <datafield tag="300" ind1=" " ind2=" ">
    <subfield code="a">6 v.</subfield>
  </datafield>
  <datafield tag="955" ind1=" " ind2=" ">
    <subfield code="b">0036691160</subfield>
    <subfield code="d">glx</subfield>
    <subfield code="e">893.799 F261</subfield>
    <subfield code="v">v.5</subfield>
  </datafield>
</record>
</collection>